% Science Driver Publications

@article{barnosky2011has,
  title={Has the Earth/'s sixth mass extinction already arrived?},
  author={Barnosky, Anthony D and Matzke, Nicholas and Tomiya, Susumu and Wogan, Guinevere OU and Swartz, Brian and Quental, Tiago B and Marshall, Charles and McGuire, Jenny L and Lindsey, Emily L and Maguire, Kaitlin C and others},
  journal={Nature},
  volume={471},
  number={7336},
  pages={51--57},
  year={2011},
  publisher={Nature Publishing Group}
}

@article{busby1991bioclim,
  title={BIOCLIM-a bioclimate analysis and prediction system},
  author={Busby, JR},
  journal={Plant Protection Quarterly},
  volume={6},
  year={1991}
}

% Model Web Publications

@inproceedings{dubois2011ehabitat,
  title={eHabitat:" a contribution to the model web for habitat assessments and ecological forecasting},
  author={Dubois, G and Sk{\o}ien, J and De Jesus, J and Peedell, S and Hartley, A and Nativi, S and Santoro, M and Geller, G},
  booktitle={Proceedings of the 34th International Symposium on Remote Sensing of Environment. April},
  pages={10--15},
  year={2011}
}

@article{geller2008looking,
  title={Looking forward: Applying an ecological model web to assess impacts of climate change},
  author={Geller, Gary N and Melton, Forrest},
  journal={Biodiversity},
  volume={9},
  number={3-4},
  pages={79--83},
  year={2008},
  publisher={Taylor \& Francis}
}

@article{gessleriplant,
  year={2013},
  title={iPlant SSWAP (Simple Semantic Web Architecture and Protocol) enables semantic pipelines for biodiversity},
  author={Gessler, Damian DG and Bulka, Blazej and Sirin, Evren and Vasquez-Gross, Hans and Yu, John and Wegrzyn, Jill},
  booktitle={CEUR Workshop Proceedings},
  volume={979},
}

}@incollection{pennington2007ecological,
  title={Ecological niche modeling using the Kepler workflow system},
  author={Pennington, Deana D and Higgins, Dan and Peterson, A Townsend and Jones, Matthew B and Lud{\"a}scher, Bertram and Bowers, Shawn},
  booktitle={Workflows for e-Science},
  pages={91--108},
  year={2007},
  publisher={Springer}
}

@article{nativi2012environmental,
  title={Environmental model access and interoperability: The GEO Model Web initiative},
  author={Nativi, Stefano and Mazzetti, Paolo and Geller, Gary N},
  journal={Environmental Modelling \& Software},
  year={2012},
  publisher={Elsevier}
}

% GIS Publications

@misc{eaton2003netcdf,
  title={NetCDF Climate and Forecast (CF) metadata conventions},
  author={Eaton, Brian and Gregory, Jonathan and Drach, Bob and Taylor, Karl and Hankin, Steve and Caron, J and Signell, R and Bentley, P and Rappa, G and H{\"o}ck, H and others},
  year={2003},
  publisher={Version}
}

@article{federal1998fgdc,
  title={FGDC-STD-001-1998},
  author={Federal Geographic Data Committee and others},
  journal={Content standard for digital geospatial metadata (revised June 1998). Federal Geographic Data Committee. Washington, DC},
  year={1998}
}

% Prov Publications

@article{lebo2013prov,
  title={Prov-o: The prov ontology},
  author={Lebo, Timothy and Sahoo, Satya and McGuinness, Deborah and Belhajjame, K and Cheney, J and Corsar, D and Garijo, D and Soiland-Reyes, S and Zednik, S and Zhao, J},
  journal={W3C Recommendation, http://www. w3. org/TR/prov-o/(accessed 30 Apr 2013)},
  year={2013}
}

@article{moreau2012prov,
  title={Prov-dm: The prov data model},
  author={Moreau, L and Missier, P},
  journal={World Wide Web Consortium, Fourth Public Working Draft},
  year={2012}
}

% Semantic Web Publications

@article{horridge2006manchester,
  title={The manchester owl syntax},
  author={Horridge, Matthew and Drummond, Nick and Goodwin, John and Rector, Alan and Stevens, Robert and Wang, Hai H},
  journal={OWL: Experiences and Directions},
  pages={10--11},
  year={2006}


@article{mcguinness2004owl,
  title={OWL web ontology language overview},
  author={McGuinness, Deborah L and Van Harmelen, Frank and others},
  journal={W3C recommendation},
  volume={10},
  number={2004-03},
  pages={10},
  year={2004}
}


@article{prud2008sparql,
  title={SPARQL query language for RDF},
  author={Prud’Hommeaux, Eric and Seaborne, Andy and others},
  journal={W3C recommendation},
  volume={15},
  year={2008}
}





% SADI Publications

@article{callahan2013ontology,
  title={Ontology-Based Querying with Bio2RDF’s Linked Open Data},
  author={Callahan, Alison and Cruz-Toledo, Jos{\'e} and Dumontier, Michel and others},
  journal={Journal of Biomedical Semantics},
  volume={4},
  number={Suppl 1},
  pages={S1},
  year={2013},
  publisher={BioMed Central}
}


@inproceedings{riazanov2012ecotoxicology,
  title={Ecotoxicology Data Federation with SADI Semantic Web Services},
  author={Riazanov, Alexandre and Hindle, Matthew M and Goudreau, E Scott and Martyniuk, Christopher J and Baker, Christopher JO},
  booktitle={CEUR Workshop Proceedings},
  volume={952},
  year={2012}
}

@inproceedings{vandervalk2010share,
  title={SHARE \& the Semantic Web-This Time it’s Personal!},
  author={Vandervalk, Benjamin and McCarthy, Luke and Wilkinson, Mark},
  booktitle={Proceedings of OWLED},
  year={2010}
}

@article{vandervalk2013sadi,
  title={The SADI Personal Health Lens: A Web Browser-Based System for Identifying Personally Relevant Drug Interactions},
  author={Vandervalk, Ben and McCarthy, E Luke and Cruz-Toledo, Jos{\'e} and Klein, Artjom and Baker, Christopher JO and Dumontier, Michel and Wilkinson, Mark D},
  journal={JMIR Research Protocols},
  volume={2},
  number={1},
  year={2013},
  publisher={JMIR Publications Inc.}
}

@article{villanueva2008yowl,
  title={yOWL: An ontology-driven knowledge base for yeast biologists},
  author={Villanueva-Rosales, Natalia and Dumontier, Michel and others},
  journal={Journal of biomedical informatics},
  volume={41},
  number={5},
  pages={779--789},
  year={2008},
  publisher={Elsevier Science}
}

@article{wilkinson2010sadi,
  title={SADI, SHARE, and the in silico scientific method},
  author={Wilkinson, Mark D and McCarthy, Luke and Vandervalk, Benjamin and Withers, David and Kawas, Edward and Samadian, Soroush},
  journal={BMC bioinformatics},
  volume={11},
  number={Suppl 12},
  pages={S7},
  year={2010},
  publisher={BioMed Central Ltd}
}

@article{wilkinson2011semantic,
  title={The semantic automated discovery and integration (sadi) web service design-pattern, api and reference implementation},
  author={Wilkinson, Mark D and Vandervalk, Benjamin and McCarthy, Luke and others},
  journal={Journal of biomedical semantics},
  volume={2},
  number={1},
  pages={8},
  year={2011},
  publisher={BioMed Central}
}

@incollection{withers2010semantically,
  title={Semantically-guided workflow construction in Taverna: the SADI and BioMoby plug-ins},
  author={Withers, David and Kawas, Edward and McCarthy, Luke and Vandervalk, Benjamin and Wilkinson, Mark},
  booktitle={Leveraging Applications of Formal Methods, Verification, and Validation},
  pages={301--312},
  year={2010},
  publisher={Springer}
}


% Visualization Publications
@inproceedings{del2012capturing,
  title={Capturing and Using Knowledge about the Use of Visualization Toolkits},
  author={Del Rio, Nicholas and da Silva, Paulo Pinheiro},
  booktitle={2012 AAAI Fall Symposium Series},
  year={2012}
}